<record><leader>00000cas a2200000 a 4500</leader><controlfield tag="001">28059845</controlfield><controlfield tag="008">930507d1993199unyuwr ne      0   a0eng c</controlfield><datafield ind1=" " ind2=" " tag="010"><subfield code="a">sn 93063601 </subfield></datafield><datafield ind1=" " ind2=" " tag="040"><subfield code="a">NYS</subfield><subfield code="b">eng</subfield><subfield code="c">NYS</subfield><subfield code="d">NSD</subfield><subfield code="d">NYS</subfield><subfield code="d">NSD</subfield><subfield code="d">NYS</subfield><subfield code="d">OCLCQ</subfield><subfield code="d">OCLCF</subfield><subfield code="d">OCLCO</subfield></datafield><datafield ind1=" " ind2=" " tag="012"><subfield code="j">0</subfield><subfield code="l">1</subfield><subfield code="m">d</subfield></datafield><datafield ind1="1" ind2=" " tag="022"><subfield code="a">1072-8619</subfield><subfield code="l">1072-8619</subfield><subfield code="2">1</subfield></datafield><datafield ind1="1" ind2=" " tag="029"><subfield code="a">AU@</subfield><subfield code="b">000020742212</subfield></datafield><datafield ind1=" " ind2=" " tag="042"><subfield code="a">pcc</subfield><subfield code="a">nsdp</subfield></datafield><datafield ind1=" " ind2=" " tag="043"><subfield code="a">n-us-ny</subfield></datafield><datafield ind1="0" ind2=" " tag="130"><subfield code="a">Sun (Fort Covington, N.Y. : 1993)</subfield></datafield><datafield ind1=" " ind2="0" tag="222"><subfield code="a">Sun</subfield><subfield code="b">(1993)</subfield></datafield><datafield ind1="0" ind2="4" tag="245"><subfield code="a">The sun.</subfield></datafield><datafield ind1=" " ind2=" " tag="260"><subfield code="a">Fort Covington, N.Y. :</subfield><subfield code="b">The Fort Covington Sun,</subfield><subfield code="c">1993-</subfield></datafield><datafield ind1=" " ind2=" " tag="300"><subfield code="a">v. :</subfield><subfield code="b">ill. ;</subfield><subfield code="c">44-58 cm.</subfield></datafield><datafield ind1=" " ind2=" " tag="310"><subfield code="a">Weekly</subfield></datafield><datafield ind1="0" ind2=" " tag="362"><subfield code="a">Vol. 108, no. 11 (Mar. 16, 1993)-</subfield></datafield><datafield ind1=" " ind2=" " tag="500"><subfield code="a">Printed in Malone, N.Y., &lt;1993&gt;; in Canada, &lt;1994&gt;.</subfield></datafield><datafield ind1=" " ind2=" " tag="500"><subfield code="a">Publishers: Royal Forgues &amp; Tammy M. Dupont, &lt;1993&gt;; Nicholas DiPietro, &lt;1994&gt;.</subfield></datafield><datafield ind1=" " ind2=" " tag="500"><subfield code="a">"Serving northern Franklin County" &lt;1994&gt;.</subfield></datafield><datafield ind1=" " ind2="0" tag="651"><subfield code="a">Fort Covington (N.Y.)</subfield><subfield code="v">Newspapers.</subfield></datafield><datafield ind1=" " ind2="0" tag="651"><subfield code="a">Malone (N.Y.)</subfield><subfield code="v">Newspapers.</subfield></datafield><datafield ind1=" " ind2="0" tag="651"><subfield code="a">Franklin County (N.Y.)</subfield><subfield code="v">Newspapers.</subfield></datafield><datafield ind1=" " ind2="7" tag="655"><subfield code="a">Newspapers.</subfield><subfield code="2">fast</subfield><subfield code="0">(OCoLC)fst01423814</subfield></datafield><datafield ind1=" " ind2="7" tag="651"><subfield code="a">New York (State)</subfield><subfield code="z">Fort Covington.</subfield><subfield code="2">fast</subfield><subfield code="0">(OCoLC)fst01261154</subfield></datafield><datafield ind1=" " ind2="7" tag="651"><subfield code="a">New York (State)</subfield><subfield code="z">Franklin County.</subfield><subfield code="2">fast</subfield><subfield code="0">(OCoLC)fst01212304</subfield></datafield><datafield ind1=" " ind2="7" tag="651"><subfield code="a">New York (State)</subfield><subfield code="z">Malone.</subfield><subfield code="2">fast</subfield><subfield code="0">(OCoLC)fst01220446</subfield></datafield><datafield ind1=" " ind2=" " tag="752"><subfield code="a">United States</subfield><subfield code="b">New York</subfield><subfield code="c">Franklin</subfield><subfield code="d">Fort Covington.</subfield></datafield><datafield ind1=" " ind2=" " tag="752"><subfield code="a">United States</subfield><subfield code="b">New York</subfield><subfield code="c">Franklin</subfield><subfield code="d">Malone.</subfield></datafield><datafield ind1="0" ind2="0" tag="780"><subfield code="t">Fort Covington sun (Fort Covington, N.Y. : 1934)</subfield><subfield code="w">(DLC)sn 88075727</subfield><subfield code="w">(OCoLC)18187094</subfield></datafield><datafield ind1="0" ind2="0" tag="785"><subfield code="t">Fort Covington sun (Fort Covington, N.Y. : 1995)</subfield><subfield code="x">1085-083X</subfield><subfield code="w">(DLC)sn 95003503</subfield></datafield><datafield ind1=" " ind2=" " tag="936"><subfield code="a">Vol. 109, no. 20 (May 17, 1994) LIC</subfield></datafield></record>